@misc{clustering,
    title={Cluster Analysis},
    key={Wikipedia-clustering},
    howpublished={https://en.wikipedia.org/wiki/Cluster\_analysis}
}

@misc{kmeans,
    title={K-Means},
    key={Wikipedia-kmeans},
    howpublished={https://en.wikipedia.org/wiki/K-means\_clustering}
}

@misc{gmm,
    title={Mixture Model},
    key={Wikipedia-gmm},
    howpublished={https://en.wikipedia.org/wiki/Mixture\_model}
}
